<?xml version="1.0" encoding="utf-8"?>
<record xmlns="http://www.loc.gov/MARC21/slim" xmlns:xsi="http://www.w3.org/2001/XMLSchema-instance" xsi:schemaLocation="http://www.loc.gov/MARC21/slim http://www.loc.gov/standards/marcxml/schema/MARC21slim.xsd">
	<leader>     nam a22     Mi 4500</leader>
	<controlfield tag="001">2741738</controlfield>
	<controlfield tag="003">NjP</controlfield>
	<controlfield tag="006">m        d        </controlfield>
	<controlfield tag="007">cr cn |||m|||a</controlfield>
	<controlfield tag="008">190815s1948    ua bf   o     000 0 arar </controlfield>
	<datafield ind1=" " ind2=" " tag="040">
		<subfield code="a">ZYU</subfield>
		<subfield code="b">ara</subfield>
		<subfield code="e">rda</subfield>
		<subfield code="c">ZYU</subfield>
	</datafield>
	<datafield ind1=" " ind2="4" tag="050">
		<subfield code="a">DT104.5</subfield>
		<subfield code="b">.J3</subfield>
	</datafield>
	<datafield ind1="0" ind2="0" tag="245">
		<subfield code="6">880-01</subfield>
		<subfield code="a">Dhikrā al-baṭal al-fātiḥ Ibrāhīm Bāshā, 1848-1948 :</subfield>
		<subfield code="b">majmūʻat abḥāth wa-dirāsāt li-tārīkhuh tanshuruhā al-Jamʻīyah bi-munāsabat inqiḍāʼ māʼat ʻāmm ʻalá wafātih.</subfield>
	</datafield>
	<datafield ind1=" " ind2=" " tag="260">
		<subfield code="6">880-02</subfield>
		<subfield code="a">[Cairo] :</subfield>
		<subfield code="b">Maṭbaʻat Dār al-Kutub al-Miṣrīyah,</subfield>
		<subfield code="c">1948.</subfield>
	</datafield>
	<datafield ind1=" " ind2=" " tag="300">
		<subfield code="a">online resource (24, 405 pages) :</subfield>
		<subfield code="b">plates, portraits, maps (some folded)</subfield>
	</datafield>
	<datafield ind1=" " ind2=" " tag="336">
		<subfield code="a">text</subfield>
		<subfield code="2">rdacontent</subfield>
	</datafield>
	<datafield ind1=" " ind2=" " tag="337">
		<subfield code="a">computer</subfield>
		<subfield code="2">rdamedia</subfield>
	</datafield>
	<datafield ind1=" " ind2=" " tag="338">
		<subfield code="a">online resource</subfield>
		<subfield code="2">rdacarrier</subfield>
	</datafield>
	<datafield ind1=" " ind2=" " tag="500">
		<subfield code="a">At head of title: al-Jamʻīyah al-Malakīyah lil-Dirāsāt al-Tārīkhīyah.</subfield>
	</datafield>
	<datafield ind1=" " ind2=" " tag="500">
		<subfield code="a">Part of the Arabic Collections Online (ACO) project, contributed by Princeton University Libraries.</subfield>
	</datafield>
	<datafield ind1="0" ind2=" " tag="505">
		<subfield code="a">Ibrāhīm Bāshā fī bilād al-ʻArab, li-ʻAbd al-Ḥamīd al-Baṭrīq -- Ibrāhīm Bāshā fī bilād al-Yūnān, li-Muḥammad Aḥmad Ḥassūnah -- Juhūd Ibrāhīm Bāshā fī khidmat al-zirāʻah wa-al-ṣināʻah wa-al-tijārah, li-Aḥmad Aḥmad al-Ḥattah -- Idārat al-Shām, li-Asad Rustum -- al-Jaysh alladhī qādahu Ibrāhīm Bāshā, li-ʻAbd al-Raḥmān Zakī -- Ḥarb Karīt wa-al-Mūrah, li-Aḥmad Fahīm Bayyūmī -- Ḥamlat al-Shām al-ʼūlá wa-al-thāniyah, li-ʻAbd al-Raḥmān Zakī -- al-Marājiʻ (p. 403-405).</subfield>
	</datafield>
	<datafield ind1=" " ind2=" " tag="533">
		<subfield code="a">Electronic reproduction.</subfield>
		<subfield code="b">New York, N.Y. :</subfield>
		<subfield code="c">New York University,</subfield>
		<subfield code="d">2019.</subfield>
		<subfield code="5">NNU</subfield>
	</datafield>
	<datafield ind1="0" ind2="0" tag="600">
		<subfield code="a">Ibrāhīm,</subfield>
		<subfield code="c">Pasha,</subfield>
		<subfield code="d">1789-1848.</subfield>
	</datafield>
	<datafield ind1="0" ind2="7" tag="600">
		<subfield code="a">Ibrāhīm,</subfield>
		<subfield code="c">Pasha,</subfield>
		<subfield code="d">1789-1848</subfield>
		<subfield code="2">fast</subfield>
		<subfield code="0">(OCoLC)fst00109393</subfield>
	</datafield>
	<datafield ind1="2" ind2=" " tag="710">
		<subfield code="6">880-03</subfield>
		<subfield code="a">Jamʻīyah al-Miṣrīyah lil-Dirāsāt al-Tārīkhīyah.</subfield>
	</datafield>
	<datafield ind1="2" ind2=" " tag="710">
		<subfield code="a">Princeton University.</subfield>
		<subfield code="b">Library.</subfield>
	</datafield>
	<datafield ind1="0" ind2=" " tag="730">
		<subfield code="a">Arabic Collections Online.</subfield>
	</datafield>
	<datafield ind1="0" ind2="8" tag="776">
		<subfield code="i">Print version:</subfield>
		<subfield code="t">Dhikrā al-baṭal al-fātiḥ Ibrāhīm Bāshā, 1848-1948</subfield>
		<subfield code="w">(NjP)2741738</subfield>
		<subfield code="w">(DLC)ne 63001741 </subfield>
		<subfield code="w">(OCoLC)10218502</subfield>
	</datafield>
	<datafield ind1="4" ind2="0" tag="856">
		<subfield code="u">http://hdl.handle.net/2333.1/z08kq1cm</subfield>
	</datafield>
	<datafield ind1="0" ind2="0" tag="880">
		<subfield code="6">245-01</subfield>
		<subfield code="a">ذكرى البطل الفاتح إبراهيم باشا، 1848-1948 :</subfield>
		<subfield code="b">مجموعة أبحاث ودراسات لتاريخه تنشرها الجمعية بمناسبة انقضاء مائة عام على وفاته /</subfield>
		<subfield code="c">الجمعية المصرية للدراسات التاريخية.</subfield>
	</datafield>
	<datafield ind1=" " ind2=" " tag="880">
		<subfield code="6">260-02</subfield>
		<subfield code="a">[القاهرة] :</subfield>
		<subfield code="b">مطبعة دار الكتب المصرية،</subfield>
		<subfield code="c">1948.</subfield>
	</datafield>
	<datafield ind1="2" ind2=" " tag="880">
		<subfield code="6">710-03</subfield>
		<subfield code="a">جمعية الملكية للدراسات التاريخية.</subfield>
	</datafield>
	<datafield ind1=" " ind2=" " tag="959">
		<subfield code="a">NNU</subfield>
		<subfield code="b">WEB</subfield>
		<subfield code="c">GENI</subfield>
		<subfield code="t">0</subfield>
		<subfield code="m">Electronic access</subfield>
		<subfield code="s">01</subfield>
	</datafield>
	<datafield ind1=" " ind2=" " tag="999">
		<subfield code="i">NjP_2741738</subfield>
		<subfield code="o">(OCoLC)ocm10218502</subfield>
		<subfield code="s">princeton_aco002278</subfield>
		<subfield code="e">(ERROR-880)</subfield>
		<subfield code="s">princeton_aco002278</subfield>
	</datafield>
</record>
